@article{paper1,
  author  = "Leonenko, N. and Kozachenko, L.",
  title   = "On statistical estimation of entropy of random vector",
  year    = "1987",
  journal = "Problems of information transmission",
  volume  = "23",
  pages   = "9--16"
}

@article{paper2,
  author  = "Leonenko, N. and Pronzato, L. and Savani, V.",
  title   = "A class of R\'enyi information estimators for multidimensional densities",
  year    = "2008",
  journal = "The Annals of Statistics",
  volume  = "36",
  pages   = "2153--2182"
}

@article{paper3,
  author  = "Delattre, S. and Fournier, N.",
  title   = "On the Kozachenko-Leonenko entropy estimator",
  year    = "2016",
  journal = "arXiv preprint arXiv:1602.07440",
  volume  = "1",
  pages   = " "
}

@article{paper4,
  author  = "Berrett, T. and Samworth, R. and Yuan, M.",
  title   = "Efficient multivariate entropy estimation via k-nearest neighbour distances",
  year    = "2016",
  journal = "arXiv preprint arXiv:1606.00304",
  volume  = "2",
  pages   = " "
}

@article{paper5,
  author  = "Leonenko, N. and Seleznjev, O.",
  title   = "Statistical inference for the $\epsilon$ - entropy and the quadratic R\'enyi entropy",
  year    = "2010",
  journal = "Journal of Multivariate Analysis",
  volume  = " ",
  pages   = "1981--1994"
}

@article{paper6,
  author  = "Song, K-S.",
  title   = "Limit theorems for nonparametric sample entropy estimators",
  year    = "1998",
  journal = "Statistics \& probability letters",
  volume  = "49",
  pages   = "9--18"
}

@article{paper7,
  author  = "Hlav\'{a}\v{c}kov\'{a}, K. and Palu\v{s}, M. and Vejmelka, M. and Bhattacharya, J.",
  title   = "Causality detection based on information-theoretic approaches in time series analysis",
  year    = "2007",
  journal = "Physics Reports",
  volume  = "441",
  pages   = "1--46"
}

@article{paper8,
  author  = "Kapur, J. and Kesavan, H.",
  title   = "Entropy Optimization Principles with Applications",
  year    = "1992",
  journal = " ",
  volume  = " ",
  pages   = " "
}

@article{paper9,
  author  = "Gao, W. and Oh, S. and Viswanath, P.",
  title   = "Demystifying Fixed k-Nearest Neighbour Information Estimators",
  year    = "2016",
  journal = "arXiv preprint arXiv:1604.03006",
  volume  = "2",
  pages   = " "
}

@article{paper10,
  author  = "Beirlant, J. and Dudewicz, E. and  Gyorfi, L. and van der Muelen, E.",
  title   = "Nonparametric Entropy estimation : an overview",
  year    = "2001",
  journal= "International Journal of Mathematical and Statistical Sciences",
  volume= "6",
  pages= "17--39"
}







% the other estimates

@article{intest1,
  author  = "Dmitriev, Y. and Tarasenko, F.",
  title   = "On the estimation functions of the probability density and its derivatives",
  year    = "1973",
  journal= "Theory Probability Applications",
  volume= "18",
  pages= "628--633"
}

@article{intest2,
  author  = "Joe, H.",
  title   = "On the estimation of entropy and other functionals pf a multivariate density",
  year    = "1989",
  journal= "Annals of the Institute of Statistical Mathematics",
  volume= "41",
  pages= "171--178"
}

@article{resest1,
  author="Ahmad, I. and Lin, P.",
 title="A nonparametric estimation of the entropy for absolutely continuous distributions",
  year="1976",
  journal= "IEEE Transactions on Information Theory",
  volume="22",
  pages="372--375"
}

@article{resest2,
  author="Hall, P. and Morton, S.",
 title="On the estimation of entropy",
  year="1993",
  journal= "Annals of the Institute of Statistical Mathematics",
  volume="45",
  pages="69--88"
}

@article{spacest1,
  author="Tarasenko, F.",
 title="On the evaluation of an unknown probability density function, the direct estimation of the entropy from independent observations of a continuous random variable, and the distribution-free entropy test of goodness-of-fit.",
  year="1968",
  journal= "IEEE Transactions on Information Theory",
  volume="56",
  pages="2052--2053"
}


@article{spacest2,
  author="Hall, P.",
 title="Limit theorems for sums of general functions of m-spacings",
  year="1984",
  journal= "Mathematical Proceedings of the Cambridge Philosophical Society",
  volume="96",
  pages="517--532"
}




